
@article{mcinnes2018umap-software,
  title={UMAP: Uniform Manifold Approximation and Projection},
  author={McInnes, Leland and Healy, John and Saul, Nathaniel and Grossberger, Lukas},
  journal={The Journal of Open Source Software},
  volume={3},
  number={29},
  pages={861},
  year={2018}
}

@article{dor2003newspaper,
  title={On newspaper headlines as relevance optimizers},
  author={Dor, Daniel},
  journal={Journal of Pragmatics},
  volume={35},
  number={5},
  pages={695--721},
  year={2003},
  publisher={Citeseer}
}

@InProceedings{D14-1181,
  author="Kim, Yoon",
  title="Convolutional Neural Networks for Sentence Classification",
  booktitle="Proceedings of the 2014 Conference on Empirical Methods in Natural Language Processing (EMNLP)",
  year="2014",
  publisher="Association for Computational Linguistics",
  pages="1746--1751",
  location="Doha, Qatar",
  doi="10.3115/v1/D14-1181",
  url="http://aclweb.org/anthology/D14-1181"
}

@article{paszke2017automatic,
  title={Automatic differentiation in PyTorch},
  author={Paszke, Adam and Gross, Sam and Chintala, Soumith and Chanan, Gregory and Yang, Edward and DeVito, Zachary and Lin, Zeming and Desmaison, Alban and Antiga, Luca and Lerer, Adam},
  year={2017}
}

@article{scikit-learn,
 title={Scikit-learn: Machine Learning in {P}ython},
 author={Pedregosa, F. and Varoquaux, G. and Gramfort, A. and Michel, V.
         and Thirion, B. and Grisel, O. and Blondel, M. and Prettenhofer, P.
         and Weiss, R. and Dubourg, V. and Vanderplas, J. and Passos, A. and
         Cournapeau, D. and Brucher, M. and Perrot, M. and Duchesnay, E.},
 journal={Journal of Machine Learning Research},
 volume={12},
 pages={2825--2830},
 year={2011}
}
